@article{leblanc:1987,
  title={Debugging parallel programs with instant replay},
  author={LeBlanc, Thomas J and Mellor-Crummey, John M},
  journal={Computers, IEEE Transactions on},
  volume={100},
  number={4},
  pages={471--482},
  year={1987},
  publisher={IEEE}
}
@inproceedings{choi:1998,
  title={Deterministic replay of Java multithreaded applications},
  author={Choi, Jong-Deok and Srinivasan, Harini},
  booktitle={Proceedings of the SIGMETRICS symposium on Parallel and distributed tools},
  pages={48--59},
  year={1998},
  organization={ACM}
}
@article{pallis:2010,
  title={Cloud computing: the new frontier of internet computing},
  author={Pallis, George},
  journal={IEEE Internet Computing},
  volume={14},
  number={5},
  pages={70},
  year={2010},
  publisher={IEEE Computer Society}
}
@book{papazoglou:2008,
  title={Web services: principles and technology},
  author={Papazoglou, Michael},
  year={2008},
  publisher={Pearson Education}
}
@inproceedings{jenkins:2011,
  title={Velocity Culture},
  author={Jenkins, Jon},
  booktitle={O'Reilly Velocity Conference. http://blip. tv/oreilly-velocity-conference/velocity-2011-jon-jenkins-velocity-culture-5297293, letzter Zugriff},
  volume={23},
  pages={2012},
  year={2011}
}
@book{el:2005,
  title={Advanced computer architecture and parallel processing},
  author={El-Rewini, Hesham and Abd-El-Barr, Mostafa},
  volume={42},
  year={2005},
  publisher={John Wiley \& Sons}
}
@article{daum:2005,
  title={Hash Collisions (The Poisoned Message Attack) ``The Story of Alice and her Boss''},
  author={Daum, Magnus and Lucks, Stefan},
  journal={rump session of Eurocrypt},
  volume={5},
  pages={253--271},
  year={2005}
}
@misc{java:2016,
  title = {Java Platform, Standard Edition Tools Reference, Java},
  howpublished = {\url{http://docs.oracle.com/javase/8/docs/technotes/tools/unix/java.html}},
  note = {Accessed: 2016-03-10},
  publisher={Oracle}
}
@inproceedings{machado:2015,
  title={Concurrency debugging with differential schedule projections},
  author={Machado, Nuno and Lucia, Brandon and Rodrigues, Lu{\'\i}s},
  booktitle={Proceedings of the 36th ACM SIGPLAN Conference on Programming Language Design and Implementation},
  pages={586--595},
  year={2015},
  organization={ACM}
}
@article{schuppan:2005,
  title={JVM independent replay in Java},
  author={Schuppan, Viktor and Baur, Marcel and Biere, Armin},
  journal={Electronic Notes in Theoretical Computer Science},
  volume={113},
  pages={85--104},
  year={2005},
  publisher={Elsevier}
}
@book{steven:2000,
  title={jRapture: A capture/replay tool for observation-based testing},
  author={Steven, John and Chandra, Pravir and Fleck, Bob and Podgurski, Andy},
  volume={25},
  number={5},
  year={2000},
  publisher={ACM}
}
@inproceedings{joshi:2007,
  title={Scarpe: A technique and tool for selective capture and replay of program executions},
  author={Joshi, Shrinivas and Orso, Alessandro},
  booktitle={Software Maintenance, 2007. ICSM 2007. IEEE International Conference on},
  pages={234--243},
  year={2007},
  organization={IEEE}
}
@incollection{chiba:2000,
  title={Load-time structural reflection in Java},
  author={Chiba, Shigeru},
  booktitle={ECOOP 2000â€”Object-Oriented Programming},
  pages={313--336},
  year={2000},
  publisher={Springer}
}
@article{kuleshov:2007,
  title={Using the ASM framework to implement common Java bytecode transformation patterns},
  author={Kuleshov, Eugene},
  journal={Aspect-Oriented Software Development},
  year={2007}
}
@misc{extensions:2016,
  title = {The Java Tutorials, Installed Extensions},
  howpublished = {\url{https://docs.oracle.com/javase/tutorial/ext/basics/install.html}},
  note = {Accessed: 2016-03-16},
  publisher={Oracle}
}

Remaining references not used in this document, move them up if used.

Bytecode/replay oriented

@article{georges:2002,
  title={JaRec: a record/replay system for multi-threaded Java applications.},
  author={Georges, Andy and Christiaens, Mark and Ronsse, Michiel and De Bosschere, Koen},
  journal={Parallel Computing: Grids and Applications/Joubert, G.; Weberpals, H.; Ronsse, M.; D'Hollander, E.(eds.).-Ghent: Communication \& Cognition, 2002.},
  pages={125--146},
  year={2002}
}
@inproceedings{vallee:1999,
  title={Soot-a Java bytecode optimization framework},
  author={Vall{\'e}e-Rai, Raja and Co, Phong and Gagnon, Etienne and Hendren, Laurie and Lam, Patrick and Sundaresan, Vijay},
  booktitle={Proceedings of the 1999 conference of the Centre for Advanced Studies on Collaborative research},
  pages={13},
  year={1999},
  organization={IBM Press}
}
@inproceedings{artho:2004,
  title={JNuke: Efficient dynamic analysis for Java},
  author={Artho, Cyrille and Schuppan, Viktor and Biere, Armin and Eugster, Pascal and Baur, Marcel and Zweim{\"u}ller, Boris},
  booktitle={Computer Aided Verification},
  pages={462--465},
  year={2004},
  organization={Springer}
}

Cloud and performance

@article{dikaiakos:2009,
  title={Cloud computing: Distributed internet computing for IT and scientific research},
  author={Dikaiakos, Marios D and Katsaros, Dimitrios and Mehra, Pankaj and Pallis, George and Vakali, Athena},
  journal={Internet Computing, IEEE},
  volume={13},
  number={5},
  pages={10--13},
  year={2009},
  publisher={IEEE}
}
@book{smith:2001,
  title={Performance solutions: a practical guide to creating responsive, scalable software},
  author={Smith, Connie U and Williams, Lloyd G},
  year={2001},
  publisher={Addison-Wesley Professional}
}
@book{humble:2010,
  title={Continuous Delivery: Reliable Software Releases through Build, Test, and Deployment Automation (Adobe Reader)},
  author={Humble, Jez and Farley, David},
  year={2010},
  publisher={Pearson Education}
}
@article{feitelson:2013,
  title={Development and deployment at Facebook},
  author={Feitelson, Dror G and Frachtenberg, Eitan and Beck, Kent L},
  journal={IEEE Internet Computing},
  number={4},
  pages={8--17},
  year={2013},
  publisher={IEEE}
}
